<record xmlns="http://www.loc.gov/MARC21/slim">
   <leader>02636cam a2200493 i 4500</leader>
   <controlfield tag="001">6799326</controlfield>
   <controlfield tag="003">OCoLC</controlfield>
   <controlfield tag="005">20150128144246.0</controlfield>
   <controlfield tag="008">140410s2015    mauaf    b    001 0 eng  </controlfield>
   <datafield ind1=" " ind2=" " tag="010">
      <subfield code="a">  2014014404</subfield>
   </datafield>
   <datafield ind1=" " ind2=" " tag="015">
      <subfield code="a">GBB4E3927</subfield>
      <subfield code="2">bnb</subfield>
   </datafield>
   <datafield ind1="7" ind2=" " tag="016">
      <subfield code="a">016973253</subfield>
      <subfield code="2">Uk</subfield>
   </datafield>
   <datafield ind1=" " ind2=" " tag="020">
      <subfield code="a">9780674055629</subfield>
      <subfield code="q">alk. paper</subfield>
   </datafield>
   <datafield ind1=" " ind2=" " tag="020">
      <subfield code="a">0674055624</subfield>
      <subfield code="q">alk. paper</subfield>
   </datafield>
   <datafield ind1=" " ind2=" " tag="035">
      <subfield code="a">ocn876010422</subfield>
   </datafield>
   <datafield ind1=" " ind2=" " tag="040">
      <subfield code="a">DLC</subfield>
      <subfield code="e">rda</subfield>
      <subfield code="b">eng</subfield>
      <subfield code="c">DLC</subfield>
      <subfield code="d">YDX</subfield>
      <subfield code="d">BTCTA</subfield>
      <subfield code="d">YDXCP</subfield>
      <subfield code="d">BDX</subfield>
      <subfield code="d">OCLCF</subfield>
      <subfield code="d">UKMGB</subfield>
      <subfield code="d">HLS</subfield>
      <subfield code="d">WIO</subfield>
      <subfield code="d">VP@</subfield>
      <subfield code="d">AEU</subfield>
   </datafield>
   <datafield ind1="1" ind2=" " tag="041">
      <subfield code="a">eng</subfield>
      <subfield code="h">ger</subfield>
   </datafield>
   <datafield ind1=" " ind2=" " tag="042">
      <subfield code="a">pcc</subfield>
   </datafield>
   <datafield ind1=" " ind2=" " tag="043">
      <subfield code="a">e------</subfield>
   </datafield>
   <datafield ind1="0" ind2="0" tag="050">
      <subfield code="a">D117</subfield>
      <subfield code="b">.F8513 2015</subfield>
   </datafield>
   <datafield ind1="0" ind2="0" tag="082">
      <subfield code="a">909.07</subfield>
      <subfield code="2">23</subfield>
   </datafield>
   <datafield ind1=" " ind2=" " tag="090">
      <subfield code="a">D 117 F8513 2015</subfield>
      <subfield code="b">ARDC</subfield>
   </datafield>
   <datafield ind1=" " ind2=" " tag="090">
      <subfield code="a">D 117 F8513 2015</subfield>
      <subfield code="b">AENTC</subfield>
   </datafield>
   <datafield ind1=" " ind2=" " tag="090">
      <subfield code="a">D117 .F8513 2015</subfield>
      <subfield code="b">AEGMCT</subfield>
   </datafield>
   <datafield ind1="1" ind2=" " tag="100">
      <subfield code="a">Fried, Johannes,</subfield>
      <subfield code="e">author.</subfield>
   </datafield>
   <datafield ind1="1" ind2="0" tag="240">
      <subfield code="a">Mittelalter.</subfield>
      <subfield code="l">English</subfield>
   </datafield>
   <datafield ind1="1" ind2="4" tag="245">
      <subfield code="a">The Middle Ages /</subfield>
      <subfield code="c">Johannes Fried ; translated by Peter Lewis.</subfield>
   </datafield>
   <datafield ind1=" " ind2="1" tag="264">
      <subfield code="a">Cambridge, Massachusetts :</subfield>
      <subfield code="b">The Belknap Press of Harvard University Press,</subfield>
      <subfield code="c">2015.</subfield>
   </datafield>
   <datafield ind1=" " ind2=" " tag="300">
      <subfield code="a">xi, 580 pages, 60 unnumbered pages of plates :</subfield>
      <subfield code="b">illustrations (some color) ;</subfield>
      <subfield code="c">25 cm</subfield>
   </datafield>
   <datafield ind1=" " ind2=" " tag="336">
      <subfield code="a">text</subfield>
      <subfield code="2">rdacontent</subfield>
   </datafield>
   <datafield ind1=" " ind2=" " tag="337">
      <subfield code="a">unmediated</subfield>
      <subfield code="2">rdamedia</subfield>
   </datafield>
   <datafield ind1=" " ind2=" " tag="338">
      <subfield code="a">volume</subfield>
      <subfield code="2">rdacarrier</subfield>
   </datafield>
   <datafield ind1=" " ind2=" " tag="500">
      <subfield code="a">"This book was originally published as Das Mittelalter, 3rd ed., copyright (c) Verlag C. H. Beck oHG, Munchen 2009."</subfield>
   </datafield>
   <datafield ind1=" " ind2=" " tag="504">
      <subfield code="a">Includes bibliographical references (pages 558-567) and index.</subfield>
   </datafield>
   <datafield ind1="0" ind2=" " tag="505">
      <subfield code="a">Boethius and the rise of Europe -- Gregory the Great and the new power of the Franks -- Charlemagne and the first renewal of the Roman Empire -- Consolidation of the kingdoms -- The end of days draws menacingly close -- "The true emperor is the Pope" -- The long century of papal schisms -- The vicar of God -- The triumph of jurisprudence -- The light of reason -- The monarchy -- Waiting for Judgment Day and the Renaissance -- Epilogue: The dark Middle Ages?.</subfield>
   </datafield>
   <datafield ind1=" " ind2=" " tag="596">
      <subfield code="a">29 32 35</subfield>
   </datafield>
   <datafield ind1=" " ind2="0" tag="650">
      <subfield code="a">Civilization, Medieval.</subfield>
   </datafield>
   <datafield ind1=" " ind2="0" tag="651">
      <subfield code="a">Europe</subfield>
      <subfield code="x">History</subfield>
      <subfield code="y">476-1492.</subfield>
   </datafield>
   <datafield ind1="1" ind2=" " tag="700">
      <subfield code="a">Lewis, Peter</subfield>
      <subfield code="c">(Translator of German)</subfield>
   </datafield>
   <datafield ind1=" " ind2=" " tag="949">
      <subfield code="a">D117 .F8513 2015</subfield>
      <subfield code="h">GMCT-OS-B</subfield>
      <subfield code="i">1007437823</subfield>
      <subfield code="p">42.38</subfield>
      <subfield code="k">AVAIL_SOON</subfield>
   </datafield>
   <datafield ind1=" " ind2=" " tag="926">
      <subfield code="a">D117 .F8513 2015</subfield>
      <subfield code="w">LC</subfield>
      <subfield code="c">1</subfield>
      <subfield code="i">1007437823</subfield>
      <subfield code="d">9/16/2015</subfield>
      <subfield code="e">9/5/2015</subfield>
      <subfield code="l">ON_SHELF</subfield>
      <subfield code="m">GR_MACEWAN</subfield>
      <subfield code="n">5</subfield>
      <subfield code="p">$40.36</subfield>
      <subfield code="r">Y</subfield>
      <subfield code="s">Y</subfield>
      <subfield code="t">BOOK</subfield>
      <subfield code="u">2/4/2015</subfield>
   </datafield>
   <datafield ind1=" " ind2=" " tag="926">
      <subfield code="a">D117 .F8513 2015</subfield>
      <subfield code="w">LC</subfield>
      <subfield code="c">2</subfield>
      <subfield code="i">1007750902</subfield>
      <subfield code="d">4/22/2016</subfield>
      <subfield code="l">ON_SHELF</subfield>
      <subfield code="m">GR_MACEWAN</subfield>
      <subfield code="p">$20.00</subfield>
      <subfield code="r">Y</subfield>
      <subfield code="s">Y</subfield>
      <subfield code="t">BOOK</subfield>
      <subfield code="u">4/6/2016</subfield>
      <subfield code="o">.PUBLIC. Donated from the estate of George Raymond Walter Sheridan.</subfield>
   </datafield>
   <datafield ind1=" " ind2=" " tag="926">
      <subfield code="a">D 117 F8513 2015</subfield>
      <subfield code="w">LC</subfield>
      <subfield code="c">1</subfield>
      <subfield code="i">0163980488791</subfield>
      <subfield code="d">4/16/2015</subfield>
      <subfield code="e">4/2/2015</subfield>
      <subfield code="l">ON_SHELF</subfield>
      <subfield code="m">NEWMAN</subfield>
      <subfield code="n">1</subfield>
      <subfield code="r">Y</subfield>
      <subfield code="s">Y</subfield>
      <subfield code="t">BOOK</subfield>
      <subfield code="u">2/27/2015</subfield>
   </datafield>
   <datafield ind1=" " ind2=" " tag="926">
      <subfield code="a">D 117 F8513 2015</subfield>
      <subfield code="w">LC</subfield>
      <subfield code="c">1</subfield>
      <subfield code="i">30125302466312</subfield>
      <subfield code="d">4/5/2017</subfield>
      <subfield code="e">2/28/2017</subfield>
      <subfield code="l">FLOOR_2</subfield>
      <subfield code="m">RED_DEER_C</subfield>
      <subfield code="n">1</subfield>
      <subfield code="q">1</subfield>
      <subfield code="r">Y</subfield>
      <subfield code="s">Y</subfield>
      <subfield code="t">BOOK</subfield>
      <subfield code="u">1/6/2016</subfield>
   </datafield>
</record>
